<record><leader>00000cas a22000007a 4500</leader><controlfield tag="001">17569622</controlfield><controlfield tag="008">880303d18911892lauwr ne      0    0eng d</controlfield><datafield ind1=" " ind2=" " tag="010"><subfield code="a">sn 88064216 </subfield></datafield><datafield ind1=" " ind2=" " tag="040"><subfield code="a">LNP</subfield><subfield code="b">eng</subfield><subfield code="c">LNP</subfield><subfield code="d">OCLCQ</subfield></datafield><datafield ind1=" " ind2=" " tag="042"><subfield code="a">msc</subfield></datafield><datafield ind1="0" ind2=" " tag="130"><subfield code="a">Mansfield journal (Mansfield, La. : 1891)</subfield></datafield><datafield ind1="1" ind2="4" tag="245"><subfield code="a">The Mansfield journal.</subfield></datafield><datafield ind1=" " ind2=" " tag="260"><subfield code="a">Mansfield, La. :</subfield><subfield code="b">J.T. McClanahan</subfield></datafield><datafield ind1=" " ind2=" " tag="310"><subfield code="a">Weekly</subfield></datafield><datafield ind1="0" ind2=" " tag="362"><subfield code="a">Vol. 1, no. 1 (July 7, 1891)-v. 1, no. 52 (June 30, 1892).</subfield></datafield><datafield ind1=" " ind2=" " tag="752"><subfield code="a">United States</subfield><subfield code="b">Louisiana</subfield><subfield code="c">De Soto</subfield><subfield code="d">Mansfield.</subfield></datafield><datafield ind1="0" ind2="7" tag="785"><subfield code="t">DeSoto Democrat</subfield><subfield code="w">(DLC)sn 88064219</subfield></datafield><datafield ind1="0" ind2="7" tag="785"><subfield code="t">Democrat-journal (Mansfield, La.)</subfield><subfield code="w">(DLC)sn 88064217</subfield></datafield></record>